@article{Speak2024,
  author = {Speak, S. A. and Birley, T. and Bortoluzzi, C. and Clark, M. D. and Percival‐Alwyn, L. and Morales, H. E. and Van Oosterhout, C.},
  title = {Genomics‐informed captive breeding can reduce inbreeding depression and the genetic load in zoo populations},
  journal = {Molecular Ecology Resources},
  year = {2024},
  volume = {24},
  number = {7},
  pages = {e13967},
}
  
@article{Gro2020,
  author = {Groß, C. and Bortoluzzi, C. and de Ridder, D. and Megens, H. J. and Groenen, M. A. and Reinders, M. and Bosse, M.},
  title = {Prioritizing sequence variants in conserved non-coding elements in the chicken genome using chCADD},
  journal = {PLoS genetics},
  year = {2020},
  volume = {16},
  number = {9},
  pages = {e1009027},
}